<record><leader>00000cas a2200000 a 4500</leader><controlfield tag="001">10519419</controlfield><controlfield tag="008">840314d1874190uoruwr ne      0    0eng c</controlfield><datafield ind1=" " ind2=" " tag="010"><subfield code="a">sn 84022646 </subfield></datafield><datafield ind1=" " ind2=" " tag="040"><subfield code="a">NPX</subfield><subfield code="b">eng</subfield><subfield code="c">NPX</subfield><subfield code="d">CNK</subfield><subfield code="d">OCN</subfield><subfield code="d">OCL</subfield><subfield code="d">OCLCQ</subfield><subfield code="d">ORU</subfield><subfield code="d">DLC</subfield><subfield code="d">OCLCF</subfield><subfield code="d">OCLCO</subfield></datafield><datafield ind1="1" ind2=" " tag="029"><subfield code="a">AU@</subfield><subfield code="b">000020632141</subfield></datafield><datafield ind1=" " ind2=" " tag="042"><subfield code="a">pcc</subfield></datafield><datafield ind1=" " ind2=" " tag="043"><subfield code="a">n-us-or</subfield></datafield><datafield ind1="0" ind2="4" tag="245"><subfield code="a">The weekly Astorian.</subfield></datafield><datafield ind1="1" ind2="3" tag="246"><subfield code="a">Astorian</subfield></datafield><datafield ind1=" " ind2=" " tag="260"><subfield code="a">Astoria, Or. :</subfield><subfield code="b">D.C. Ireland</subfield></datafield><datafield ind1=" " ind2=" " tag="300"><subfield code="a">v. ;</subfield><subfield code="c">61 cm.</subfield></datafield><datafield ind1=" " ind2=" " tag="310"><subfield code="a">Semiweekly,</subfield><subfield code="b">&lt;Mar. 8, 1898-Sept. 20, 1901&gt;</subfield></datafield><datafield ind1=" " ind2=" " tag="321"><subfield code="a">Weekly,</subfield><subfield code="b">Feb. 1874-&lt;Dec. 8, 1894&gt;</subfield></datafield><datafield ind1="1" ind2=" " tag="362"><subfield code="a">Began in Feb. 1874.</subfield></datafield><datafield ind1=" " ind2=" " tag="500"><subfield code="a">Editor: D.C. Ireland, 1874-Sept. 1881.</subfield></datafield><datafield ind1=" " ind2=" " tag="515"><subfield code="a">Issues for v. 1, no. 52 (Jan. 28, 1875) and v. 2, no. 2 (Feb. 13, 1875) have title, The daily Astorian; issue for v. 2, no. 1 (Feb. 4, 1875) published in two versions, called: Weekly Astorian, and: The daily Astorian.</subfield></datafield><datafield ind1=" " ind2=" " tag="530"><subfield code="a">Also available on microfilm from University of Oregon.</subfield></datafield><datafield ind1=" " ind2=" " tag="580"><subfield code="a">Daily ed.: Daily Astorian (Astorian, Or.), 1876-1883; Daily morning Astorian, 1883-1899; Morning Astorian, 1899-&lt;1901&gt;</subfield></datafield><datafield ind1=" " ind2=" " tag="588"><subfield code="a">Unable to determine if issues for Jan. 28, 1875 and Feb. 4, 1875, called The daily Astorian, were published in addition to or in lieu of the regular issues.</subfield><subfield code="5">ORU</subfield></datafield><datafield ind1=" " ind2=" " tag="588"><subfield code="a">Description based on: Vol. 1, no. 5 (Mar. 5, 1874).</subfield></datafield><datafield ind1=" " ind2=" " tag="588"><subfield code="a">Latest issue consulted: Vol. 54, no. 143 (Sept. 20, 1901).</subfield></datafield><datafield ind1=" " ind2="0" tag="651"><subfield code="a">Astoria (Or.)</subfield><subfield code="v">Newspapers.</subfield></datafield><datafield ind1=" " ind2="7" tag="655"><subfield code="a">Newspapers.</subfield><subfield code="2">fast</subfield><subfield code="0">(OCoLC)fst01423814</subfield></datafield><datafield ind1=" " ind2="7" tag="651"><subfield code="a">Oregon</subfield><subfield code="z">Astoria.</subfield><subfield code="2">fast</subfield><subfield code="0">(OCoLC)fst01217113</subfield></datafield><datafield ind1="1" ind2=" " tag="700"><subfield code="a">Ireland, DeWitt Clinton,</subfield><subfield code="d">1836-1913.</subfield></datafield><datafield ind1=" " ind2=" " tag="752"><subfield code="a">United States</subfield><subfield code="b">Oregon</subfield><subfield code="c">Clatsop</subfield><subfield code="d">Astoria.</subfield></datafield><datafield ind1="1" ind2=" " tag="775"><subfield code="t">Daily Astorian (Astoria, Or.)</subfield><subfield code="x">2163-7911</subfield><subfield code="w">(DLC)sn 96061149</subfield><subfield code="w">(OCoLC)35655683</subfield></datafield><datafield ind1="1" ind2=" " tag="775"><subfield code="t">Daily morning Astorian</subfield><subfield code="x">2163-7970</subfield><subfield code="w">(DLC)sn 96061150</subfield><subfield code="w">(OCoLC)35655689</subfield></datafield><datafield ind1="1" ind2=" " tag="775"><subfield code="t">Morning Astorian</subfield><subfield code="w">(DLC)sn 85042400</subfield><subfield code="w">(OCoLC)12351987</subfield></datafield><datafield ind1="0" ind2="0" tag="780"><subfield code="t">Tri-weekly Astorian</subfield><subfield code="x">2163-7814</subfield><subfield code="w">(DLC)sn 96061148</subfield><subfield code="w">(OCoLC)35655671</subfield></datafield><datafield ind1="0" ind2="0" tag="785"><subfield code="t">Astorian (Astoria, Or.)</subfield><subfield code="w">(DLC)sn 96088016</subfield><subfield code="w">(OCoLC)36862662</subfield></datafield></record>